
@article{carrasco_kind_sparse_2014,
	title = {Sparse representation of photometric redshift probability density functions: preparing for petascale astronomy},
	volume = {441},
	issn = {0035-8711},
	shorttitle = {Sparse representation of photometric redshift probability density functions},
	url = {https://academic.oup.com/mnras/article/441/4/3550/1229381/Sparse-representation-of-photometric-redshift},
	doi = {10.1093/mnras/stu827},
	number = {4},
	journal = {Mon Not R Astron Soc},
	author = {Carrasco Kind, Matias and Brunner, Robert J.},
	month = jul,
	year = {2014},
	pages = {3550--3561},
}

@article{dark_energy_survey_collaboration_redshift_2016,
	title = {Redshift distributions of galaxies in the {Dark} {Energy} {Survey} {Science} {Verification} shear catalogue and implications for weak lensing},
	volume = {94},
	url = {https://link.aps.org/doi/10.1103/PhysRevD.94.042005},
	doi = {10.1103/PhysRevD.94.042005},
	number = {4},
	journal = {Phys. Rev. D},
	author = {{Dark Energy Survey Collaboration} and Bonnett, C. and Troxel, M. A. and Hartley, W. and Amara, A. and Leistedt, B. and Becker, M. R. and Bernstein, G. M. and Bridle, S. L. and Bruderer, C. and Busha, M. T. and Carrasco Kind, M. and Childress, M. J. and Castander, F. J. and Chang, C. and Crocce, M. and Davis, T. M. and Eifler, T. F. and Frieman, J. and Gangkofner, C. and Gaztanaga, E. and Glazebrook, K. and Gruen, D. and Kacprzak, T. and King, A. and Kwan, J. and Lahav, O. and Lewis, G. and Lidman, C. and Lin, H. and MacCrann, N. and Miquel, R. and O{\textquoteright}Neill, C. R. and Palmese, A. and Peiris, H. V. and Refregier, A. and Rozo, E. and Rykoff, E. S. and Sadeh, I. and S{\'a}nchez, C. and Sheldon, E. and Uddin, S. and Wechsler, R. H. and Zuntz, J. and Abbott, T. and Abdalla, F. B. and Allam, S. and Armstrong, R. and Banerji, M. and Bauer, A. H. and Benoit-L{\'e}vy, A. and Bertin, E. and Brooks, D. and Buckley-Geer, E. and Burke, D. L. and Capozzi, D. and Carnero Rosell, A. and Carretero, J. and Cunha, C. E. and D{\textquoteright}Andrea, C. B. and da Costa, L. N. and DePoy, D. L. and Desai, S. and Diehl, H. T. and Dietrich, J. P. and Doel, P. and Fausti Neto, A. and Fernandez, E. and Flaugher, B. and Fosalba, P. and Gerdes, D. W. and Gruendl, R. A. and Honscheid, K. and Jain, B. and James, D. J. and Jarvis, M. and Kim, A. G. and Kuehn, K. and Kuropatkin, N. and Li, T. S. and Lima, M. and Maia, M. A. G. and March, M. and Marshall, J. L. and Martini, P. and Melchior, P. and Miller, C. J. and Neilsen, E. and Nichol, R. C. and Nord, B. and Ogando, R. and Plazas, A. A. and Reil, K. and Romer, A. K. and Roodman, A. and Sako, M. and Sanchez, E. and Santiago, B. and Smith, R. C. and Soares-Santos, M. and Sobreira, F. and Suchyta, E. and Swanson, M. E. C. and Tarle, G. and Thaler, J. and Thomas, D. and Vikram, V. and Walker, A. R.},
	month = aug,
	year = {2016},
	pages = {042005},
}

@article{krause_dark_2017,
	title = {Dark {Energy} {Survey} {Year} 1 {Results}: {Multi}-{Probe} {Methodology} and {Simulated} {Likelihood} {Analyses}},
	shorttitle = {Dark {Energy} {Survey} {Year} 1 {Results}},
	url = {http://arxiv.org/abs/1706.09359},
	journal = {arXiv:1706.09359 [astro-ph]},
	author = {Krause, E. and Eifler, T. F. and Zuntz, J. and Friedrich, O. and Troxel, M. A. and Dodelson, S. and Blazek, J. and Secco, L. F. and MacCrann, N. and Baxter, E. and Chang, C. and Chen, N. and Crocce, M. and DeRose, J. and Ferte, A. and Kokron, N. and Lacasa, F. and Miranda, V. and Omori, Y. and Porredon, A. and Rosenfeld, R. and Samuroff, S. and Wang, M. and Wechsler, R. H. and Abbott, T. M. C. and Abdalla, F. B. and Allam, S. and Annis, J. and Bechtol, K. and Benoit-Levy, A. and Bernstein, G. M. and Brooks, D. and Burke, D. L. and Capozzi, D. and Kind, M. Carrasco and Carretero, J. and D'Andrea, C. B. and da Costa, L. N. and Davis, C. and DePoy, D. L. and Desai, S. and Diehl, H. T. and Dietrich, J. P. and Evrard, A. E. and Flaugher, B. and Fosalba, P. and Frieman, J. and Garcia-Bellido, J. and Gaztanaga, E. and Giannantonio, T. and Gruen, D. and Gruendl, R. A. and Gschwend, J. and Gutierrez, G. and Honscheid, K. and James, D. J. and Jeltema, T. and Kuehn, K. and Kuhlmann, S. and Lahav, O. and Lima, M. and Maia, M. A. G. and March, M. and Marshall, J. L. and Martini, P. and Menanteau, F. and Miquel, R. and Nichol, R. C. and Plazas, A. A. and Romer, A. K. and Rykoff, E. S. and Sanchez, E. and Scarpine, V. and Schindler, R. and Schubnell, M. and Sevilla-Noarbe, I. and Smith, M. and Soares-Santos, M. and Sobreira, F. and Suchyta, E. and Swanson, M. E. C. and Tarle, G. and Tucker, D. L. and Vikram, V. and Walker, A. R. and Weller, J.},
	month = jun,
	year = {2017},
	note = {arXiv: 1706.09359},
}

@article{tanaka_photometric_2017,
	title = {Photometric {Redshifts} for {Hyper} {Suprime}-{Cam} {Subaru} {Strategic} {Program} {Data} {Release} 1},
	url = {http://arxiv.org/abs/1704.05988},
	journal = {arXiv:1704.05988 [astro-ph]},
	author = {Tanaka, Masayuki and Coupon, Jean and Hsieh, Bau-Ching and Mineo, Sogo and Nishizawa, Atsushi J. and Speagle, Joshua and Furusawa, Hisanori and Miyazaki, Satoshi and Murayama, Hitoshi},
	month = apr,
	year = {2017},
	note = {arXiv: 1704.05988},
}

@article{benitez_bayesian_2000,
	title = {Bayesian {Photometric} {Redshift} {Estimation}},
	volume = {536},
	issn = {0004-637X},
	url = {http://stacks.iop.org/0004-637X/536/i=2/a=571},
	doi = {10.1086/308947},
	language = {en},
	number = {2},
	journal = {ApJ},
	author = {Ben{\'i}tez, Narciso},
	year = {2000},
	pages = {571},
}

@article{sheldon_photometric_2012,
	title = {Photometric {Redshift} {Probability} {Distributions} for {Galaxies} in the {SDSS} {DR}8},
	volume = {201},
	issn = {0067-0049},
	url = {http://stacks.iop.org/0067-0049/201/i=2/a=32},
	doi = {10.1088/0067-0049/201/2/32},
	language = {en},
	number = {2},
	journal = {ApJS},
	author = {Sheldon, Erin S. and Cunha, Carlos E. and Mandelbaum, Rachel and Brinkmann, J. and Weaver, Benjamin A.},
	year = {2012},
	pages = {32},
}

@article{myers_incorporating_2009,
	title = {Incorporating photometric redshift probability density information into real-space clustering measurements},
	volume = {399},
	issn = {0035-8711},
	url = {https://academic.oup.com/mnras/article/399/4/2279/1037682/Incorporating-photometric-redshift-probability},
	doi = {10.1111/j.1365-2966.2009.15432.x},
	number = {4},
	journal = {Mon Not R Astron Soc},
	author = {Myers, Adam D. and White, Martin and Ball, Nicholas M.},
	month = nov,
	year = {2009},
	pages = {2279--2287},
}

@inproceedings{connolly_end--end_2014,
	series = {Society of {Photo}-{Optical} {Instrumentation} {Engineers} ({SPIE}) {Conference} {Series}},
	title = {An end-to-end simulation framework for the {Large} {Synoptic} {Survey} {Telescope}},
	volume = {9150},
	url = {http://dx.doi.org/10.1117/12.2054953},
	doi = {10.1117/12.2054953},
	booktitle = {Modeling, {Systems} {Engineering}, and {Project} {Management} for {Astronomy} {VI}},
	author = {Connolly, Andrew J. and Angeli, George Z. and Chandrasekharan, Srinivasan and Claver, Charles F. and Cook, Kem and Ivezic, Zeljko and Jones, R. Lynne and Krughoff, K. Simon and Peng, En-Hsin and Peterson, John and Petry, Catherine and Rasmussen, Andrew P. and Ridgway, Stephen T. and Saha, Abhijit and Sembroski, Glenn and vanderPlas, Jacob and Yoachim, Peter},
	year = {2014},
	pages = {915014--915014--8}
}

@article{springel_simulations_2005,
	title = {Simulations of the formation, evolution and clustering of galaxies and quasars},
	volume = {435},
	copyright = {{\textcopyright} 2005 Nature Publishing Group},
	issn = {0028-0836},
	url = {http://www.nature.com/nature/journal/v435/n7042/full/nature03597.html?foxtrotcallback=true},
	doi = {10.1038/nature03597},
	language = {en},
	number = {7042},
	journal = {Nature},
	author = {Springel, Volker and White, Simon D. M. and Jenkins, Adrian and Frenk, Carlos S. and Yoshida, Naoki and Gao, Liang and Navarro, Julio and Thacker, Robert and Croton, Darren and Helly, John and Peacock, John A. and Cole, Shaun and Thomas, Peter and Couchman, Hugh and Evrard, August and Colberg, J{\"o}rg and Pearce, Frazer},
	month = jun,
	year = {2005},
	pages = {629--636}
}

@article{gonzalez-perez_how_2014,
	title = {How sensitive are predicted galaxy luminosities to the choice of stellar population synthesis model?},
	volume = {439},
	issn = {0035-8711},
	url = {https://academic.oup.com/mnras/article/439/1/264/971853/How-sensitive-are-predicted-galaxy-luminosities-to},
	doi = {10.1093/mnras/stt2410},
	number = {1},
	journal = {Mon Not R Astron Soc},
	author = {Gonzalez-Perez, V. and Lacey, C. G. and Baugh, C. M. and Lagos, C. D. P. and Helly, J. and Campbell, D. J. R. and Mitchell, P. D.},
	month = mar,
	year = {2014},
	pages = {264--283},
}

@article{ivezic_lsst:_2008,
	title = {{LSST}: from {Science} {Drivers} to {Reference} {Design} and {Anticipated} {Data} {Products}},
	shorttitle = {{LSST}},
	url = {http://arxiv.org/abs/0805.2366},
	journal = {arXiv:0805.2366 [astro-ph]},
	author = {Ivezic, Z. and Tyson, J. A. and Abel, B. and Acosta, E. and Allsman, R. and AlSayyad, Y. and Anderson, S. F. and Andrew, J. and Angel, R. and Angeli, G. and Ansari, R. and Antilogus, P. and Arndt, K. T. and Astier, P. and Aubourg, E. and Axelrod, T. and Bard, D. J. and Barr, J. D. and Barrau, A. and Bartlett, J. G. and Bauman, B. J. and Beaumont, S. and Becker, A. C. and Becla, J. and Beldica, C. and Bellavia, S. and Blanc, G. and Blandford, R. D. and Bloom, J. S. and Bogart, J. and Borne, K. and Bosch, J. F. and Boutigny, D. and Brandt, W. N. and Brown, M. E. and Bullock, J. S. and Burchat, P. and Burke, D. L. and Cagnoli, G. and Calabrese, D. and Chandrasekharan, S. and Chesley, S. and Cheu, E. C. and Chiang, J. and Claver, C. F. and Connolly, A. J. and Cook, K. H. and Cooray, A. and Covey, K. R. and Cribbs, C. and Cui, W. and Cutri, R. and Daubard, G. and Daues, G. and Delgado, F. and Digel, S. and Doherty, P. and Dubois, R. and Dubois-Felsmann, G. P. and Durech, J. and Eracleous, M. and Ferguson, H. and Frank, J. and Freemon, M. and Gangler, E. and Gawiser, E. and Geary, J. C. and Gee, P. and Geha, M. and Gibson, R. R. and Gilmore, D. K. and Glanzman, T. and Goodenow, I. and Gressler, W. J. and Gris, P. and Guyonnet, A. and Hascall, P. A. and Haupt, J. and Hernandez, F. and Hogan, C. and Huang, D. and Huffer, M. E. and Innes, W. R. and Jacoby, S. H. and Jain, B. and Jee, J. and Jernigan, J. G. and Jevremovic, D. and Johns, K. and Jones, R. L. and Juramy-Gilles, C. and Juric, M. and Kahn, S. M. and Kalirai, J. S. and Kallivayalil, N. and Kalmbach, B. and Kantor, J. P. and Kasliwal, M. M. and Kessler, R. and Kirkby, D. and Knox, L. and Kotov, I. and Krabbendam, V. L. and Krughoff, S. and Kubanek, P. and Kuczewski, J. and Kulkarni, S. and Lambert, R. and Guillou, L. Le and Levine, D. and Liang, M. and Lim, K.-T. and Lintott, C. and Lupton, R. H. and Mahabal, A. and Marshall, P. and Marshall, S. and May, M. and McKercher, R. and Migliore, M. and Miller, M. and Mills, D. J. and Monet, D. G. and Moniez, M. and Neill, D. R. and Nief, J.-Y. and Nomerotski, A. and Nordby, M. and O'Connor, P. and Oliver, J. and Olivier, S. S. and Olsen, K. and Ortiz, S. and Owen, R. E. and Pain, R. and Peterson, J. R. and Petry, C. E. and Pierfederici, F. and Pietrowicz, S. and Pike, R. and Pinto, P. A. and Plante, R. and Plate, S. and Price, P. A. and Prouza, M. and Radeka, V. and Rajagopal, J. and Rasmussen, A. and Regnault, N. and Ridgway, S. T. and Ritz, S. and Rosing, W. and Roucelle, C. and Rumore, M. R. and Russo, S. and Saha, A. and Sassolas, B. and Schalk, T. L. and Schindler, R. H. and Schneider, D. P. and Schumacher, G. and Sebag, J. and Sembroski, G. H. and Seppala, L. G. and Shipsey, I. and Silvestri, N. and Smith, J. A. and Smith, R. C. and Strauss, M. A. and Stubbs, C. W. and Sweeney, D. and Szalay, A. and Takacs, P. and Thaler, J. J. and Van Berg, R. and Berk, D. Vanden and Vetter, K. and Virieux, F. and Xin, B. and Walkowicz, L. and Walter, C. W. and Wang, D. L. and Warner, M. and Willman, B. and Wittman, D. and Wolff, S. C. and Wood-Vasey, W. M. and Yoachim, P. and Zhan, H. and Collaboration, for the LSST},
	month = may,
	year = {2008},
	note = {arXiv: 0805.2366},
}

@article{merson_lightcone_2013,
	title = {Lightcone mock catalogues from semi-analytic models of galaxy formation {\textendash} {I}. {Construction} and application to the {BzK} colour selection},
	volume = {429},
	issn = {0035-8711},
	url = {https://academic.oup.com/mnras/article/429/1/556/1023267/Lightcone-mock-catalogues-from-semi-analytic},
	doi = {10.1093/mnras/sts355},
	number = {1},
	journal = {Mon Not R Astron Soc},
	author = {Merson, Alexander I. and Baugh, Carlton M. and Helly, John C. and Gonzalez-Perez, Violeta and Cole, Shaun and Bielby, Richard and Norberg, Peder and Frenk, Carlos S. and Benson, Andrew J. and Bower, Richard G. and Lacey, Cedric G. and Lagos, Claudia del P.},
	month = feb,
	year = {2013},
	pages = {556--578},
}

@article{ilbert_accurate_2006,
	title = {Accurate photometric redshifts for the {CFHT} legacy survey calibrated using the {VIMOS} {VLT} deep survey},
	volume = {457},
	copyright = {{\textcopyright} ESO, 2006},
	issn = {0004-6361, 1432-0746},
	url = {https://doi.org/10.1051/0004-6361:20065138},
	doi = {10.1051/0004-6361:20065138},
	language = {en},
	number = {3},
	journal = {A\&A},
	author = {Ilbert, O. and Arnouts, S. and McCracken, H. J. and Bolzonella, M. and Bertin, E. and F{\`e}vre, O. Le and Mellier, Y. and Zamorani, G. and Pell{\`o}, R. and Iovino, A. and Tresse, L. and Brun, V. Le and Bottini, D. and Garilli, B. and Maccagni, D. and Picat, J. P. and Scaramella, R. and Scodeggio, M. and Vettolani, G. and Zanichelli, A. and Adami, C. and Bardelli, S. and Cappi, A. and Charlot, S. and Ciliegi, P. and Contini, T. and Cucciati, O. and Foucaud, S. and Franzetti, P. and Gavignaud, I. and Guzzo, L. and Marano, B. and Marinoni, C. and Mazure, A. and Meneux, B. and Merighi, R. and Paltani, S. and Pollo, A. and Pozzetti, L. and Radovich, M. and Zucca, E. and Bondi, M. and Bongiorno, A. and Busarello, G. and Torre, S. De La and Gregorini, L. and Lamareille, F. and Mathez, G. and Merluzzi, P. and Ripepi, V. and Rizzo, D. and Vergani, D.},
	month = oct,
	year = {2006},
	pages = {841--856},
}

@misc{juric_data_2017,
	title = {Data {Products} {Definition} {Document}},
	shorttitle = {{LSE}-163},
	url = {https://docushare.lsstcorp.org/docushare/dsweb/Get/LSE-163/},
	journal = {LSST Corporation},
	author = {Juric, M. and Axelrod, T. and Becker, A. C. and Becla, J. and Bellm, E. and Bosch, J. F. and Ciardi, D. and Connolly, A. J. and Dubois-Felsmann, G. P. and Economou, F. and Freemon, M. and Gelman, M. and Graham, M. and Ivezic, Z. and Jenness, T. and Kantor, J. and Krughoff, K.S. and Lim, K.-T. and Lupton, R. H. and Mueller, F. and Nidever, D. and Patterson, M. and Petravick, D. and Shaw, D. and Slater, C. and Strauss, M. and Swinbank, J. and Tyson, J. A. and Wood-Vasey, M. and Wu, X.},
	month = jul,
	year = {2017},
}

@inproceedings{mckerns_building_2012,
	title = {Building a {Framework} for {Predictive} {Science}},
	url = {http://arxiv.org/abs/1202.1056},
	booktitle = {Proceedings of the 10th {Python} in {Science} {Conference}},
	author = {McKerns, Michael M. and Strand, Leif and Sullivan, Tim and Fang, Alta and Aivazis, Michael A. G.},
	month = feb,
	year = {2012},
	note = {arXiv: 1202.1056},
}

@misc{mckerns_pathos:_2010,
	title = {pathos: a framework for heterogeneous computing},
	url = {http://trac.mystic.cacr.caltech.edu/project/pathos/wiki.html},
	author = {McKerns, Michael and Aivazis, Michael},
	year = {2010},
}

@article{graham_photometric_2017,
	title = {Photometric {Redshifts} with the {LSST}: {Evaluating} {Survey} {Observing} {Strategies}},
	shorttitle = {Photometric {Redshifts} with the {LSST}},
	url = {http://arxiv.org/abs/1706.09507},
	journal = {arXiv:1706.09507 [astro-ph]},
	author = {Graham, Melissa L. and Connolly, Andrew J. and Ivezi{\'c}, {\v Z}eljko and Schmidt, Samuel J. and Jones, R. Lynne and Juri{\'c}, Mario and Daniel, Scott F. and Yoachim, Peter},
	month = jun,
	year = {2017},
	note = {arXiv: 1706.09507},
}

@article{laycock_x-ray_2017,
	title = {The {X}-{Ray} {Binary} {Population} of the {Nearby} {Dwarf} {Starburst} {Galaxy} {IC} 10: {Variable} and {Transient} {X}-{Ray} {Sources}},
	volume = {836},
	issn = {0004-637X},
	shorttitle = {The {X}-{Ray} {Binary} {Population} of the {Nearby} {Dwarf} {Starburst} {Galaxy} {IC} 10},
	url = {http://stacks.iop.org/0004-637X/836/i=1/a=50},
	doi = {10.3847/1538-4357/836/1/50},
	language = {en},
	number = {1},
	journal = {ApJ},
	author = {Laycock, Silas and Cappallo, Rigel and Williams, Benjamin F. and Prestwich, Andrea and Binder, Breanna and Christodoulou, Dimitris M.},
	year = {2017},
	pages = {50}
}

@article{pizzocaro_results_2016,
	title = {Results from {DROXO}: {IV}. {EXTraS} discovery of an {X}-ray flare from the {Class} {I} protostar candidate {ISO}-{Oph} 85},
	volume = {587},
	issn = {0004-6361, 1432-0746},
	shorttitle = {Results from {DROXO}},
	url = {http://www.aanda.org/10.1051/0004-6361/201526562},
	doi = {10.1051/0004-6361/201526562},
	journal = {Astronomy \& Astrophysics},
	author = {Pizzocaro, D. and Stelzer, B. and Paladini, R. and Tiengo, A. and Lisini, G. and Novara, G. and Vianello, G. and Belfiore, A. and Marelli, M. and Salvetti, D. and Pillitteri, I. and Sciortino, S. and D{\textquoteright}Agostino, D. and Haberl, F. and Watson, M. and Wilms, J. and Salvaterra, R. and De Luca, A.},
	month = mar,
	year = {2016},
	pages = {A36},
}

@article{sun_star_2015,
	title = {{THE} {STAR} {CLUSTER} {MASS}{\textendash}{GALACTOCENTRIC} {RADIUS} {RELATION}: {IMPLICATIONS} {FOR} {CLUSTER} {FORMATION}},
	volume = {816},
	issn = {1538-4357},
	shorttitle = {{THE} {STAR} {CLUSTER} {MASS}{\textendash}{GALACTOCENTRIC} {RADIUS} {RELATION}},
	url = {http://stacks.iop.org/0004-637X/816/i=1/a=9?key=crossref.0be3aa415b148a5dd4f07aa1471f52f1},
	doi = {10.3847/0004-637X/816/1/9},
	number = {1},
	journal = {The Astrophysical Journal},
	author = {Sun, Weijia and Grijs, Richard de and Fan, Zhou and Cameron, Ewan},
	month = dec,
	year = {2015},
	pages = {9},
}

@article{de_vicente_dnf_2016,
	title = {{DNF} {\textendash} {Galaxy} photometric redshift by {Directional} {Neighbourhood} {Fitting}},
	volume = {459},
	issn = {0035-8711},
	url = {https://academic.oup.com/mnras/article/459/3/3078/2595234/DNF-Galaxy-photometric-redshift-by-Directional},
	doi = {10.1093/mnras/stw857},
	number = {3},
	journal = {Mon Not R Astron Soc},
	author = {De Vicente, J. and S{\'a}nchez, E. and Sevilla-Noarbe, I.},
	month = jul,
	year = {2016},
	pages = {3078--3088},
}

@article{sadeh_annz2:_2016,
	title = {{ANNz}2: {Photometric} {Redshift} and {Probability} {Distribution} {Function} {Estimation} using {Machine} {Learning}},
	volume = {128},
	issn = {1538-3873},
	shorttitle = {{ANNz}2},
	url = {http://stacks.iop.org/1538-3873/128/i=968/a=104502},
	doi = {10.1088/1538-3873/128/968/104502},
	language = {en},
	number = {968},
	journal = {PASP},
	author = {Sadeh, I. and Abdalla, F. B. and Lahav, O.},
	year = {2016},
	pages = {104502}
}

@article{cavuoti_metaphor:_2017,
	title = {{METAPHOR}: a machine-learning-based method for the probability density estimation of photometric redshifts},
	volume = {465},
	issn = {0035-8711},
	shorttitle = {{METAPHOR}},
	url = {https://academic.oup.com/mnras/article/465/2/1959/2525980/METAPHOR-a-machine-learning-based-method-for-the},
	doi = {10.1093/mnras/stw2930},
	number = {2},
	journal = {Mon Not R Astron Soc},
	author = {Cavuoti, S. and Amaro, V. and Brescia, M. and Vellucci, C. and Tortora, C. and Longo, G.},
	month = feb,
	year = {2017},
	pages = {1959--1973},
}

@article{carrasco_kind_somz:_2014,
	title = {{SOMz}: photometric redshift {PDFs} with self-organizing maps and random atlas},
	volume = {438},
	issn = {0035-8711},
	shorttitle = {{SOMz}},
	url = {https://academic.oup.com/mnras/article/438/4/3409/1108443/SOMz-photometric-redshift-PDFs-with-self},
	doi = {10.1093/mnras/stt2456},
	number = {4},
	journal = {Mon Not R Astron Soc},
	author = {Carrasco Kind, Matias and Brunner, Robert J.},
	month = mar,
	year = {2014},
	pages = {3409--3421},
}

@article{mountrichas_measuring_2013,
	title = {Measuring the dark matter halo mass of {X}-ray {AGN} at z \~{} 1 using photometric redshifts},
	volume = {430},
	issn = {0035-8711},
	url = {https://academic.oup.com/mnras/article/430/1/661/986786/Measuring-the-dark-matter-halo-mass-of-X-ray-AGN},
	doi = {10.1093/mnras/sts666},
	number = {1},
	journal = {Mon Not R Astron Soc},
	author = {Mountrichas, G. and Georgakakis, A. and Finoguenov, A. and Erfanianfar, G. and Cooper, M. C. and Coil, A. L. and Laird, E. S. and Nandra, K. and Newman, J. A.},
	month = mar,
	year = {2013},
	pages = {661--675},
}

@article{pedregosa_scikit-learn:_2011,
	title = {Scikit-learn: {Machine} learning in {Python}},
	volume = {12},
	shorttitle = {Scikit-learn},
	url = {http://www.jmlr.org/papers/v12/pedregosa11a.html},
	number = {Oct},
	journal = {Journal of Machine Learning Research},
	author = {Pedregosa, Fabian and Varoquaux, Ga{\"e}l and Gramfort, Alexandre and Michel, Vincent and Thirion, Bertrand and Grisel, Olivier and Blondel, Mathieu and Prettenhofer, Peter and Weiss, Ron and Dubourg, Vincent and {others}},
	year = {2011},
	pages = {2825--2830},
}
